@misc{BS20,
  title={A graduate course in applied cryptography},
  author={Boneh, Dan and Shoup, Victor},
  year={2020}
}
@misc{S95,
  title={Applied cryptography},
  author={Bruce, Schneier},
  year={1995}
}